@misc{nttd,
  author       = "LittleTranscriber",
  title        = "Billie Eilish - No Time To Die (Piano Cover) Synthesia Tutorial by LittleTranscriber",
  howpublished = "\url{https://www.youtube.com/watch?v=Wi9AQ1bB0Uc}",
  month        = "veljača",
  year         = "2020",
  note         = "pristupljeno 15. svibnja 2021"
}

@misc{musicxml,
  author       = "Wikipedia",
  title        = "MusicXML",
  howpublished = "\url{https://en.wikipedia.org/wiki/MusicXML}",
  month        = "lipanj",
  year         = "2021",
  note         = "pristupljeno 6. lipnja 2021"
}

@misc{recordare,
  author       = "Bloomberg",
  title        = "Recordare LLC",
  howpublished = "\url{https://www.bloomberg.com/profile/company/0384697Z:US}",
  note         = "pristupljeno 6. lipnja 2021"
}

@misc{maven,
  author       = "Wikipedia",
  title        = "Apache Maven",
  howpublished = "\url{https://en.wikipedia.org/wiki/Apache_Maven}",
  month        = "travanj",
  year         = "2021",
  note         = "pristupljeno 6. lipnja 2021"
}

@misc{javafx,
  author       = "Wikipedia",
  title        = "JavaFX",
  howpublished = "\url{https://en.wikipedia.org/wiki/JavaFX}",
  month        = "svibanj",
  year         = "2021",
  note         = "pristupljeno 6. lipnja 2021"
}

@misc{opencv,
  author       = "Wikipedia",
  title        = "OpenCV",
  howpublished = "\url{https://en.wikipedia.org/wiki/OpenCV}",
  month        = "ožujak",
  year         = "2021",
  note         = "pristupljeno 7. lipnja 2021"
}

@misc{gauss,
  author       = "Data Carpentry",
  title        = "Image Processing with Python, Blurring images",
  howpublished = "\url{https://datacarpentry.org/image-processing/06-blurring/}",
  month        = "svibanj",
  year         = "2021",
  note         = "pristupljeno 7. lipnja 2021"
}

@misc{colore,
  author       = "Geek for Geeks",
  title        = "Color Spaces in OpenCV | Python",
  howpublished = "\url{https://www.geeksforgeeks.org/color-spaces-in-opencv-python/}",
  month        = "svibanj",
  year         = "2019",
  note         = "pristupljeno 7. lipnja 2021"
}

@misc{colorh,
  author       = "Jacci Howard Bear",
  title        = "Što je HSV model boja?",
  howpublished = "\url{https://hr.eyewated.com/sto-je-hsv-model-boja/}",
  note         = "pristupljeno 7. lipnja 2021"
}

@misc{rgb,
  author       = "Yaroslav Iakovlev",
  title        = "16 Most Used Graphic Design Terms About Color",
  howpublished = "\url{https://www.zekagraphic.com/16-most-used-graphic-design-terms-about-color/}",
  note         = "pristupljeno 7. lipnja 2021"
}

@misc{hsv,
  author       = "SharkD",
  title        = "File:HSV color solid cylinder.png",
  howpublished = "\url{https://commons.wikimedia.org/wiki/File:HSV_color_solid_cylinder.png}",
  month        = "prosinac",
  year         = "2015",
  note         = "pristupljeno 7. lipnja 2021"
}

@misc{canny1,
  author       = "Wikipedia",
  title        = "Canny edge detector",
  howpublished = "\url{https://en.wikipedia.org/wiki/Canny_edge_detector}",
  month        = "lipanj",
  year         = "2021",
  note         = "pristupljeno 7. lipnja 2021"
}

@misc{canny2,
  author       = "Sean Dutton-Jones",
  title        = "A Dive into Canny Edge Detection using OpenCV Python",
  howpublished = "\url{https://ai.plainenglish.io/a-dive-into-canny-edge-detection-using-opencv-python-76326c2fa19c}",
  month        = "siječanj",
  year         = "2012",
  note         = "pristupljeno 7. lipnja 2021"
}

@misc{bounding,
  author       = "OpenCV",
  title        = "Contour Features",
  howpublished = "\url{https://docs.opencv.org/4.5.2/dd/d49/tutorial_py_contour_features.html}",
  month        = "travanj",
  year         = "2021",
  note         = "pristupljeno 7. lipnja 2021"
}

@misc{milreasons,
  author       = "TutorialsByHugo",
  title        = "How to play the piano part of Million Reasons by Lady Gaga",
  howpublished = "\url{https://www.youtube.com/watch?v=nqJp0zTIU6Y}",
  month        = "listopad",
  year         = "2020",
  note         = "pristupljeno 8. lipnja 2021"
}

@misc{tonalitet,
  author       = "Enciklopedija.hr",
  title        = "tonalitet",
  howpublished = "\url{https://www.enciklopedija.hr/natuknica.aspx?ID=61737}",
  note         = "pristupljeno 9. lipnja 2021"
}

@misc{fifths,
  author       = "Sienna Wood",
  title        = "Composing Music - Circle Of Fifths",
  howpublished = "\url{https://www.derbyguitartutor.co.uk/post/2018/07/30/how-to-use-the-circle-of-fifths}",
  year         = "2011",
  note         = "pristupljeno 9. lipnja 2021"
}

@misc{lovely,
  author       = "LittleTranscriber",
  title        = "Billie Eilish \& Khalid - Lovely (Piano Cover) Synthesia Tutorial by LittleTranscriber",
  howpublished = "\url{https://www.youtube.com/watch?v=5-ov4m_Twtk}",
  month        = "srpanj",
  year         = "2018",
  note         = "pristupljeno 1. lipnja 2021"
}
